<?xml version="1.0" encoding="UTF-8"?>
<record xmlns="http://www.loc.gov/MARC21/slim">
   <leader>00874cam a22002772  4500</leader>
   <controlfield tag="001">2782690</controlfield>
   <controlfield tag="008">      s1963                      0 eng d</controlfield>
   <datafield tag="035" ind1=" " ind2=" ">
      <subfield code="a">ocm70521148</subfield>
   </datafield>
   <datafield tag="040" ind1=" " ind2=" ">
      <subfield code="a">AEU</subfield>
      <subfield code="b">eng</subfield>
   </datafield>
   <datafield tag="090" ind1=" " ind2=" ">
      <subfield code="a">POLAR PAM 5268</subfield>
      <subfield code="b">AEU</subfield>
   </datafield>
   <datafield tag="110" ind1="1" ind2=" ">
      <subfield code="a">Alberta.</subfield>
      <subfield code="b">Industrial Development Branch.</subfield>
   </datafield>
   <datafield tag="240" ind1="1" ind2="0">
      <subfield code="a">Survey of Elk Point</subfield>
   </datafield>
   <datafield tag="245" ind1="1" ind2="0">
      <subfield code="a">Survey of Elk Point</subfield>
      <subfield code="c">prepared by Alberta. Industrial Development Branch.</subfield>
   </datafield>
   <datafield tag="260" ind1=" " ind2=" ">
      <subfield code="a">[s.l. :</subfield>
      <subfield code="b">s.n.],</subfield>
      <subfield code="c">1963.</subfield>
   </datafield>
   <datafield tag="300" ind1=" " ind2=" ">
      <subfield code="a">14p. :</subfield>
      <subfield code="b">ill., map ;</subfield>
      <subfield code="c">25 cm.</subfield>
   </datafield>
   <datafield tag="336" ind1=" " ind2=" ">
      <subfield code="a">text</subfield>
      <subfield code="b">txt</subfield>
      <subfield code="2">rdacontent</subfield>
   </datafield>
   <datafield tag="337" ind1=" " ind2=" ">
      <subfield code="a">unmediated</subfield>
      <subfield code="b">n</subfield>
      <subfield code="2">rdamedia</subfield>
   </datafield>
   <datafield tag="338" ind1=" " ind2=" ">
      <subfield code="a">volume</subfield>
      <subfield code="b">nc</subfield>
      <subfield code="2">rdacarrier</subfield>
   </datafield>
   <datafield tag="520" ind1=" " ind2=" ">
      <subfield code="a">General information on town of Elk Point.</subfield>
   </datafield>
   <datafield tag="596" ind1=" " ind2=" ">
      <subfield code="a">48</subfield>
   </datafield>
   <datafield tag="653" ind1="0" ind2=" ">
      <subfield code="a">Northern Alberta</subfield>
   </datafield>
   <datafield tag="653" ind1="0" ind2=" ">
      <subfield code="a">Alberta</subfield>
   </datafield>
   <datafield tag="653" ind1="0" ind2=" ">
      <subfield code="a">Settlements</subfield>
   </datafield>
   <datafield tag="653" ind1="0" ind2=" ">
      <subfield code="a">Towns</subfield>
   </datafield>
   <datafield tag="653" ind1="0" ind2=" ">
      <subfield code="a">Alberta, North of Line E-W Thru Edmonton</subfield>
   </datafield>
   <datafield tag="653" ind1="0" ind2=" ">
      <subfield code="a">Peace River Country</subfield>
   </datafield>
   <datafield tag="926" ind1=" " ind2=" ">
      <subfield code="a">UASCITECH</subfield>
      <subfield code="b">POLAR_PAMP</subfield>
      <subfield code="c">POLAR PAM 5268</subfield>
      <subfield code="d">BOOK</subfield>
      <subfield code="f">1</subfield>
   </datafield>
</record>
